<?xml version="1.0" encoding="UTF-8"?><collection xmlns="http://www.loc.gov/MARC21/slim"><record><leader>00399nam--2200145-i-4500</leader><controlfield tag="001">000011226</controlfield><controlfield tag="002">20161230</controlfield><controlfield tag="005">20161230201029</controlfield><controlfield tag="008">060222s1000------------r-----000-0-eng-d</controlfield><datafield ind1=" " ind2=" " tag="080"><subfield code="a">576.3(047)</subfield></datafield><datafield ind1=" " ind2=" " tag="100"><subfield code="a">Acuna, M.I., Mingot, F. E Davila, C.A</subfield></datafield><datafield ind1=" " ind2=" " tag="245"><subfield code="a">Reversibilidad de la desnaturacion partial en dna</subfield></datafield><datafield ind1=" " ind2=" " tag="260"><subfield code="a">Madrid, Junta De Energia Nuclear, 1976 126 P</subfield></datafield><datafield ind1=" " ind2=" " tag="490"><subfield code="a">327</subfield></datafield><datafield ind1=" " ind2=" " tag="852"><subfield code="a">13754</subfield></datafield></record></collection>